<?xml version="1.0" encoding="UTF-8"?><collection xmlns="http://www.loc.gov/MARC21/slim"><record><leader>00381nam--2200145-i-4500</leader><controlfield tag="001">000012252</controlfield><controlfield tag="002">20161230</controlfield><controlfield tag="005">20161230201029</controlfield><controlfield tag="008">060222s1000------------r-----000-0-eng-d</controlfield><datafield ind1=" " ind2=" " tag="080"><subfield code="a">543.24:543.226</subfield></datafield><datafield ind1=" " ind2=" " tag="100"><subfield code="a">Barthel, J.And Wachter, R</subfield></datafield><datafield ind1=" " ind2=" " tag="245"><subfield code="a">Thermometric titrations</subfield></datafield><datafield ind1=" " ind2=" " tag="260"><subfield code="a">New York, John Wiley And Sons, 1975 Xi + 209 P</subfield></datafield><datafield ind1=" " ind2=" " tag="490"><subfield code="a">Chimical Analysis</subfield></datafield><datafield ind1=" " ind2=" " tag="852"><subfield code="a">13701</subfield></datafield></record></collection>